@MISC{ZombieRun,
author = {Dolan, Peter J.},
title = {{Zombie, Run!} Augmented Reality Game},
month = nov,
year = {2010},
howpublished={\url{https://code.google.com/p/zombie-run/} [Last accessed on Dec 7, 2011]}
}

@MISC{SignalStrengthAndroidDocs,
author = {Google Inc.},
title = {Android {API} Reference},
month = {December 16},
year = {2011},
howpublished={\url{http://developer.android.com/reference/android/telephony/SignalStrength.html} [Last accessed on Dec 18, 2011]}
}

@article{lamport01paxos,
    author = {Lamport, Leslie},
    journal = {ACM SIGACT News},
    month = dec,
    number = {4},
    pages = {18--25},
    title = {{P}axos Made Simple},
    volume = {32},
    year = {2001}
}

@article{Lamport:1978:TCO,
 author = {Lamport, Leslie},
 title = {Time, clocks, and the ordering of events in a distributed system},
 journal = {Commun. ACM},
 volume = {21},
 issue = {7},
 month = {July},
 year = {1978},
 issn = {0001-0782},
 pages = {558--565},
 numpages = {8},
 url = {http://doi.acm.org/10.1145/359545.359563},
 doi = {http://doi.acm.org/10.1145/359545.359563},
 acmid = {359563},
 publisher = {ACM},
 address = {New York, NY, USA},
 keywords = {clock synchronization, computer networks, distributed systems, multiprocess systems},
} 

@MISC{GoogleDirection,
author = {Google Inc.},
title = {The {G}oogle Directions {API}},
howpublished={\url{http://code.google.com/apis/maps/documentation/directions/} [Last accessed on Dec 16, 2011]},
year = 2011
}
